<record><leader>00000cas a2200000 a 4500</leader><controlfield tag="001">42732011</controlfield><controlfield tag="008">991029d193u1944caudn ne      0    0eng c</controlfield><datafield ind1=" " ind2=" " tag="010"><subfield code="a">sn 99060908 </subfield></datafield><datafield ind1=" " ind2=" " tag="040"><subfield code="a">CNK</subfield><subfield code="b">eng</subfield><subfield code="c">CNK</subfield><subfield code="d">OCLCQ</subfield><subfield code="d">OCLCF</subfield><subfield code="d">OCLCO</subfield><subfield code="d">OCLCA</subfield></datafield><datafield ind1=" " ind2=" " tag="042"><subfield code="a">pcc</subfield></datafield><datafield ind1=" " ind2=" " tag="043"><subfield code="a">n-us-ca</subfield></datafield><datafield ind1="0" ind2=" " tag="130"><subfield code="a">Hollywood citizen-news (Hollywood, Los Angeles, Calif. : 1931 : Valley ed.)</subfield></datafield><datafield ind1="1" ind2="0" tag="245"><subfield code="a">Hollywood citizen-news.</subfield></datafield><datafield ind1=" " ind2=" " tag="250"><subfield code="a">Valley ed.</subfield></datafield><datafield ind1=" " ind2=" " tag="260"><subfield code="a">Hollywood, Calif. :</subfield><subfield code="b">Hollywood Citizen-News Co.</subfield></datafield><datafield ind1=" " ind2=" " tag="300"><subfield code="a">v.</subfield></datafield><datafield ind1=" " ind2=" " tag="310"><subfield code="a">Daily (except Sun.)</subfield></datafield><datafield ind1="0" ind2=" " tag="362"><subfield code="a">-v. 40, no. 59 (June 8, 1944).</subfield></datafield><datafield ind1=" " ind2=" " tag="588"><subfield code="a">Description based on: Vol. 27, no. 210 (Dec. 1, 1931).</subfield></datafield><datafield ind1=" " ind2="0" tag="651"><subfield code="a">Hollywood (Los Angeles, Calif.)</subfield><subfield code="v">Newspapers.</subfield></datafield><datafield ind1=" " ind2="0" tag="651"><subfield code="a">San Fernando Valley (Calif.)</subfield><subfield code="v">Newspapers.</subfield></datafield><datafield ind1=" " ind2="7" tag="655"><subfield code="a">Newspapers.</subfield><subfield code="2">fast</subfield><subfield code="0">(OCoLC)fst01423814</subfield></datafield><datafield ind1=" " ind2="7" tag="651"><subfield code="a">California</subfield><subfield code="z">Los Angeles</subfield><subfield code="z">Hollywood.</subfield><subfield code="2">fast</subfield><subfield code="0">(OCoLC)fst01312041</subfield></datafield><datafield ind1=" " ind2="7" tag="651"><subfield code="a">California</subfield><subfield code="z">San Fernando Valley.</subfield><subfield code="2">fast</subfield><subfield code="0">(OCoLC)fst01242395</subfield></datafield><datafield ind1=" " ind2=" " tag="752"><subfield code="a">United States</subfield><subfield code="b">California</subfield><subfield code="c">Los Angeles</subfield><subfield code="d">Los Angeles.</subfield></datafield><datafield ind1="0" ind2=" " tag="775"><subfield code="t">Hollywood citizen-news</subfield><subfield code="w">(DLC)sn 90051954</subfield></datafield><datafield ind1="0" ind2="0" tag="785"><subfield code="t">Citizen-news (Hollywood, Los Angeles, Calif. : 1944 : Valley ed.)</subfield><subfield code="w">(DLC)sn 99060909</subfield></datafield></record>